<record><leader>00000cas a2200000 a 4500</leader><controlfield tag="001">826998263</controlfield><controlfield tag="008">130208d19962008iluqr ne      0   a0eng c</controlfield><datafield ind1=" " ind2=" " tag="010"><subfield code="a">  2013271030</subfield></datafield><datafield ind1=" " ind2=" " tag="040"><subfield code="a">MR0</subfield><subfield code="b">eng</subfield><subfield code="c">MR0</subfield><subfield code="d">OCLCO</subfield><subfield code="d">NVF</subfield><subfield code="d">OCLCO</subfield><subfield code="d">OCLCF</subfield></datafield><datafield ind1=" " ind2=" " tag="042"><subfield code="a">pcc</subfield></datafield><datafield ind1=" " ind2=" " tag="043"><subfield code="a">n-us-il</subfield></datafield><datafield ind1="0" ind2=" " tag="130"><subfield code="a">Advisor (Springfield, Ill.)</subfield></datafield><datafield ind1="1" ind2="0" tag="245"><subfield code="a">ADvisor.</subfield></datafield><datafield ind1=" " ind2=" " tag="260"><subfield code="a">Springfield, Ill. :</subfield><subfield code="b">Buff Carmichael,</subfield><subfield code="c">1996-2008.</subfield></datafield><datafield ind1=" " ind2=" " tag="300"><subfield code="a">v. :</subfield><subfield code="b">ill. ;</subfield><subfield code="c">27 cm.</subfield></datafield><datafield ind1=" " ind2=" " tag="310"><subfield code="a">Quarterly.</subfield></datafield><datafield ind1="1" ind2=" " tag="362"><subfield code="a">Began in 1996?</subfield></datafield><datafield ind1="0" ind2=" " tag="362"><subfield code="a">-February thru April, 2008.</subfield></datafield><datafield ind1=" " ind2=" " tag="580"><subfield code="a">"A quarterly supplement to Prairie Flame."</subfield></datafield><datafield ind1=" " ind2=" " tag="588"><subfield code="a">Description based on: August through October 2003 ed.</subfield></datafield><datafield ind1=" " ind2="0" tag="650"><subfield code="a">Gays</subfield><subfield code="z">Illinois</subfield><subfield code="v">Newspapers.</subfield></datafield><datafield ind1=" " ind2="0" tag="650"><subfield code="a">Lesbians</subfield><subfield code="z">Illinois</subfield><subfield code="v">Newspapers.</subfield></datafield><datafield ind1=" " ind2="0" tag="650"><subfield code="a">Bisexuals</subfield><subfield code="z">Illinois</subfield><subfield code="v">Newspapers.</subfield></datafield><datafield ind1=" " ind2="0" tag="650"><subfield code="a">Transgender people</subfield><subfield code="z">Illinois</subfield><subfield code="v">Newspapers.</subfield></datafield><datafield ind1=" " ind2="0" tag="651"><subfield code="a">Downstate Illinois (Ill.)</subfield><subfield code="v">Newspapers.</subfield></datafield><datafield ind1=" " ind2="7" tag="655"><subfield code="a">Newspapers.</subfield><subfield code="2">fast</subfield><subfield code="0">(OCoLC)fst01423814</subfield></datafield><datafield ind1=" " ind2="7" tag="650"><subfield code="a">Bisexuals.</subfield><subfield code="2">fast</subfield><subfield code="0">(OCoLC)fst00833357</subfield></datafield><datafield ind1=" " ind2="7" tag="650"><subfield code="a">Gays.</subfield><subfield code="2">fast</subfield><subfield code="0">(OCoLC)fst00939255</subfield></datafield><datafield ind1=" " ind2="7" tag="650"><subfield code="a">Lesbians.</subfield><subfield code="2">fast</subfield><subfield code="0">(OCoLC)fst00996540</subfield></datafield><datafield ind1=" " ind2="7" tag="650"><subfield code="a">Transgender people.</subfield><subfield code="2">fast</subfield><subfield code="0">(OCoLC)fst01765239</subfield></datafield><datafield ind1=" " ind2="7" tag="651"><subfield code="a">Illinois.</subfield><subfield code="2">fast</subfield><subfield code="0">(OCoLC)fst01205143</subfield></datafield><datafield ind1=" " ind2="7" tag="651"><subfield code="a">Illinois</subfield><subfield code="z">Downstate Illinois.</subfield><subfield code="2">fast</subfield><subfield code="0">(OCoLC)fst01302402</subfield></datafield><datafield ind1=" " ind2=" " tag="752"><subfield code="a">United States</subfield><subfield code="b">Illinois</subfield><subfield code="c">Sangamon</subfield><subfield code="d">Springfield.</subfield></datafield><datafield ind1="0" ind2=" " tag="777"><subfield code="a">Prairie flame (Springfield, Ill.)</subfield><subfield code="w">(DLC)sn 97061144</subfield><subfield code="w">(OCoLC)37600171</subfield></datafield></record>